@inproceedings{daehne02,
title = {Archeoguide: System Architecture of a Mobile Outdoor Augmented Reality System},
author = {D\"{a}hne, Patrick and Karigiannis, John N.},
booktitle = {Proceedings of the 1st International Symposium on Mixed and Augmented Reality},
pages = {263-264},
numpages = {2},
year = {2002}
}

@inproceedings{sutherland68,
	title={A head-mounted three dimensional display},
	author={Sutherland, Ivan E.},
	booktitle={AFIPS '68 (Fall, part I)},
	pages = {757-764},
	year={1968}
}
  
@book{baum96,
	author = {Baum, L. Frank},
	title = {The Master Key},
	subtitle = {An Electrical Fairy Tale Founded Upon the Mysteries of Electricity},
	location = {Urbana, Illinois},
	publisher = {Project Gutenberg},
	year = {1996},
	url = {http://www.gutenberg.org/ebooks/436},
	urldate = {2020-07-15},
	note = {ebook}
}

@article{milgram94,
	author = {Milgram, Paul and Kishino, Fumio},
	year = {1994},
	month = {12},
	pages = {1321-1329},
	title = {A Taxonomy of Mixed Reality Visual Displays},
	volume = {vol. E77-D, no. 12},
	journal = {IEICE Trans. Information Systems}
}


@inproceedings{pejman19,
	author = {Saeghe, Pejman and Clinch, Sarah and Weir, Bruce and Glancy, Maxine and Vinayagamoorthy, Vinoba and Pattinson, Ollie and Pettifer, Stephen Robert and Stevens, Robert},
	title = {Augmenting Television With Augmented Reality},
	year = {2019},
	publisher = {Association for Computing Machinery},
	booktitle = {Proceedings of the 2019 ACM International Conference on Interactive Experiences for TV and Online Video},
	pages = {255–261},
	numpages = {7},
	series = {TVX ’19}
}

@article{delgado20,
	title = {A research agenda for augmented and virtual reality in architecture, engineering and construction},
	journal = {Advanced Engineering Informatics},
	volume = {45},
	pages = {101122},
	year = {2020},
	author = {Delgado, Juan Manuel Davila and Oyedele, Lukumon and Demian, Peter and Beach, Thomas}
}

@inproceedings{antifakos02,
	author = {Antifakos, Stavros and Michahelles, Florian and Schiele, Bernt},
	year = {2002},
	month = {08},
	pages = {},
	title = {Proactive Instructions for Furniture Assembly},
	booktitle = {UbiComp},
	volume = {2498}
}



@online{patel18,
	title = {Google Lens: real-time answers to questions about the world around you},
	author = {Patel, Rajan},
	date = {2018-05-08},
	url = {https://blog.google/products/google-lens/google-lens-real-time-answers-questions-about-world-around-you/},
	urldate = {2020-07-15}
}

@online{schaefer19,
	title = {Get outfit inspiration with style ideas in Google Lens},
	author = {Schaefer, Kelly},
	date = {2019-10-03},
	url = {https://blog.google/products/google-lens/get-outfit-inspiration-style-ideas-google-lens/},
	urldate = {2020-07-15}
}


@online{malczyk19,
	title = {Let Google be your holiday travel tour guide},
	author = {Malczyk, Katie},
	date = {2019-12-13},
	url = {https://blog.google/products/maps/let-google-be-your-holiday-travel-tour-guide/},
	urldate = {2020-07-15}
}

@online{gu19,
	title = {Google Translate’s instant camera translation gets an upgrade},
	author = {Gu, Xinxing},
	date = {2019-07-10},
	url = {https://blog.google/products/translate/google-translates-instant-camera-translation-gets-upgrade/},
	urldate = {2020-07-15}
}

@online{ikea17,
	title = {IKEA launches IKEA Place, a new app that allows people to virtually place furniture in their home},
	author = {IKEA},
	date = {2019-10-12},
	url = {https://newsroom.inter.ikea.com/news/ikea-launches-ikea-place--a-new-app-that-allows-people-to-virtually-place-furniture-in-their-home/s/f5f003d7-fcba-4155-ba17-5a89b4a2bd11},
	urldate = {2020-07-15}
}

@online{fluch19,
	title = {Österreich, flach gelegt: Die Wahlgrafiken des ORF},
	author = {Fluch, Karl},
	date = {2019-09-30},
	url = {https://www.derstandard.de/story/2000109270202/oesterreich-flach-gelegt-die-fliegenden-wahlgrafiken-des-orf},
	urldate = {2020-07-19}
}

@online{ibm,
	title = {IBM Max Reality},
	author = {IBM},
	url = {https://www.ibm.com/products/max-reality},
	urldate = {2020-07-19}
}

@online{wayray,
	title = {WayRay Embedded Holographic AR Display},
	author = {WayRay},
	url = {https://wayray.com/embedded},
	urldate = {2020-07-23}
}

@online{pokemongo,
	title = {Pokemon Go},
	author = {The Pokemon Company},
	url = {https://www.pokemongo.com/en-us},
	urldate = {2020-07-23}
}

@online{jarvish,
	title = {Jarvish AR Helmet Kickstarter},
	author = {Jarvish},
	url = {https://www.kickstarter.com/projects/308263621/jarvish-the-smartest-motorcycle-helmet-ever-made},
	urldate = {2020-07-23}
}

@online{hololens,
	title = {Microsoft HoloLens},
	author = {Microsoft},
	url = {https://www.microsoft.com/en-us/hololens},
	urldate = {2020-07-23}
}

@online{googleglass,
	title = {Google Glass},
	author = {Google},
	url = {https://www.google.com/glass/start},
	urldate = {2020-07-23}
}

@online{googlelens,
	title = {Google Lens},
	author = {Google},
	url = {https://lens.google.com},
	urldate = {2020-07-23}
}

@online{ldraw,
	title = {LDraw},
	author = {LDraw.org},
	url = {https://www.ldraw.org},
	urldate = {2020-07-23}
}

@online{python,
	title = {Python},
	author = {Python Software Foundation},
	url = {https://www.python.org},
	urldate = {2020-07-23}
}

@online{unity,
	title = {Unity},
	author = {Unity Technologies},
	url = {https://www.unity.com},
	urldate = {2020-07-23}
}

@online{mrtk,
	title = {Mixed Reality Toolkit for Unity},
	author = {Microsoft},
	url = {https://microsoft.github.io/MixedRealityToolkit-Unity/README.html},
	urldate = {2020-07-23}
}

@online{omr,
	title = {LDraw Official Model Repository},
	author = {LDraw.org},
	url = {http://omr.ldraw.org},
	urldate = {2020-07-23}
}

@online{meshlab,
	title = {MeshLab},
	author = {MeshLab},
	url = {https://www.meshlab.net/},
	urldate = {2020-07-23}
}